<?xml version="1.0" encoding="UTF-8"?><collection xmlns="http://www.loc.gov/MARC21/slim"><record><leader>00364nam--2200121-i-4500</leader><controlfield tag="001">000037537</controlfield><controlfield tag="002">20161230</controlfield><controlfield tag="005">20161230201041</controlfield><controlfield tag="008">060222s1000------------r-----000-0-eng-d</controlfield><datafield ind1=" " ind2=" " tag="245"><subfield code="a">Quelques aspects generaux de la science des macromolecules. strasbourg ... 1954</subfield></datafield><datafield ind1=" " ind2=" " tag="260"><subfield code="a">Paris, Cnrs, 1955, 194p</subfield></datafield><datafield ind1=" " ind2=" " tag="490"><subfield code="a">Colloques Internationaux Du Centre N.R.S</subfield></datafield><datafield ind1=" " ind2=" " tag="852"><subfield code="a">11717</subfield></datafield></record></collection>